@misc{legambiente2019,
	title = {Mal'Aria di città 2019: la mobilità urbana al centro del risanamento},
	note = {dossier di Legambiente},
	date = {2019-01-22}
}
